<?xml version="1.0" encoding="UTF-8"?><collection xmlns="http://www.loc.gov/MARC21/slim"><record><leader>00360nam--2200133-i-4500</leader><controlfield tag="001">000044883</controlfield><controlfield tag="002">20161230</controlfield><controlfield tag="005">20161230201044</controlfield><controlfield tag="008">060222s1000------------r-----000-0-eng-d</controlfield><datafield ind1=" " ind2=" " tag="080"><subfield code="a">539:621.039:665.5</subfield></datafield><datafield ind1=" " ind2=" " tag="100"><subfield code="a">Titeica, Radu</subfield></datafield><datafield ind1=" " ind2=" " tag="245"><subfield code="a">Fizica nucleara cu aplicatii in industria de petrol</subfield></datafield><datafield ind1=" " ind2=" " tag="260"><subfield code="a">Bucuresti, Ed.Didact,Si Pedag., 1962, 96p</subfield></datafield><datafield ind1=" " ind2=" " tag="852"><subfield code="a">8166</subfield></datafield></record></collection>